<record><leader>00000cas a22000007a 4500</leader><controlfield tag="001">19928656</controlfield><controlfield tag="008">890626d19151928nduwr ne      0    0eng d</controlfield><datafield ind1=" " ind2=" " tag="010"><subfield code="a">sn 89074154 </subfield></datafield><datafield ind1=" " ind2=" " tag="040"><subfield code="a">NOP</subfield><subfield code="b">eng</subfield><subfield code="c">NOP</subfield><subfield code="d">OCLCQ</subfield></datafield><datafield ind1=" " ind2=" " tag="042"><subfield code="a">msc</subfield></datafield><datafield ind1="0" ind2="4" tag="245"><subfield code="a">The Watford guide.</subfield></datafield><datafield ind1=" " ind2=" " tag="260"><subfield code="a">Watford City, McKenzie County, N.D. :</subfield><subfield code="b">W.S. Graham</subfield></datafield><datafield ind1=" " ind2=" " tag="300"><subfield code="a">v. :</subfield><subfield code="b">ill. ;</subfield><subfield code="c">55 cm.</subfield></datafield><datafield ind1=" " ind2=" " tag="310"><subfield code="a">Weekly</subfield></datafield><datafield ind1="0" ind2=" " tag="362"><subfield code="a">Vol. 1, no. 1 (Mar. 11, 1915)-v.14, no. 38 (Apr. 19, 1928).</subfield></datafield><datafield ind1=" " ind2=" " tag="530"><subfield code="a">Available on microfilm from the State Historical Society of North Dakota.</subfield></datafield><datafield ind1=" " ind2=" " tag="752"><subfield code="a">United States</subfield><subfield code="b">North Dakota</subfield><subfield code="c">McKenzie</subfield><subfield code="d">Watford City.</subfield></datafield><datafield ind1="0" ind2="7" tag="785"><subfield code="t">McKenzie County farmer (Arnegard, N.D.)</subfield><subfield code="w">(DLC)sn 89074143</subfield></datafield><datafield ind1="0" ind2="7" tag="785"><subfield code="t">McKenzie County farmer and Watford guide</subfield><subfield code="w">(DLC)sn 89074152</subfield></datafield></record>